<?xml version="1.0" encoding="UTF-8"?><collection xmlns="http://www.loc.gov/MARC21/slim"><record><leader>00701nam--2200205-i-4500</leader><controlfield tag="001">000024525</controlfield><controlfield tag="002">20161230</controlfield><controlfield tag="005">20161230201035</controlfield><controlfield tag="008">060222s1000------------r-----000-0-eng-d</controlfield><datafield ind1=" " ind2=" " tag="020"><subfield code="a">3540124918</subfield></datafield><datafield ind1=" " ind2=" " tag="040"><subfield code="a">IFIN-HH</subfield></datafield><datafield ind1=" " ind2=" " tag="080"><subfield code="a">621.039.647(061.3)</subfield></datafield><datafield ind1="1" ind2=" " tag="100"><subfield code="a">Ryssel, H</subfield></datafield><datafield ind1="1" ind2="0" tag="245"><subfield code="a">Ion implantation: equipement and techniques</subfield><subfield code="b">Proceedings of the fourth international conference berchtesgarden, fed. rep. of germany, september 13-17, 1982</subfield><subfield code="c">H. ryssel, h. glawischnig (eds.)</subfield></datafield><datafield ind1=" " ind2=" " tag="260"><subfield code="a">Berlin</subfield><subfield code="b">Springer-verlag</subfield><subfield code="c">1983</subfield></datafield><datafield ind1=" " ind2=" " tag="300"><subfield code="a">X+556P</subfield></datafield><datafield ind1=" " ind2=" " tag="490"><subfield code="a">Springer Series In Electrophysics</subfield><subfield code="v">Volume 11</subfield></datafield><datafield ind1="1" ind2=" " tag="700"><subfield code="a">Glawischnig, H</subfield><subfield code="e">Ed</subfield></datafield><datafield ind1=" " ind2=" " tag="852"><subfield code="a">46525</subfield><subfield code="c">537.533</subfield></datafield><datafield ind1=" " ind2=" " tag="CAT"><subfield code="a">Sys</subfield><subfield code="c">20110830</subfield><subfield code="h">121323</subfield></datafield></record></collection>